5180999999999000240510      PRESNTSACION                                                22222222                                                                  
5380999999999000240510240510PRESNTSACION                            00000000012170000000        01                                                                
5680999999999000000598       M DEL MAR IGLESIAS NARANJO             000000000000000000000000017971      A00001                                                    
5681999999999000000598      Factura NºA/1/   de 24/05/2010                                                                                                        
5682999999999000000598       M DEL MAR IGLESIAS NARANJO             c/ velasquez 44                         21710           bollullos del cdo                     
5880999999999000                                                                        0000017971      00000000010000000005                                      
5980999999999000                                                    0001                0000017971      00000000010000000007                                      
